%YAML 1.1
%TAG !u! tag:unity3d.com,2011:
--- !u!114 &11400000
MonoBehaviour:
  m_ObjectHideFlags: 0
  m_PrefabParentObject: {fileID: 0}
  m_PrefabInternal: {fileID: 0}
  m_GameObject: {fileID: 0}
  m_Enabled: 1
  m_EditorHideFlags: 0
  m_Script: {fileID: 11500000, guid: 0e0c2324a9ab1224ebe3edad393e3544, type: 3}
  m_Name: LastSession
  m_EditorClassIdentifier: 
  nodes:
  - {fileID: 11413380}
  - {fileID: 11435162}
  currentNode: {fileID: 0}
  currentTransition: {fileID: 0}
--- !u!114 &11403148
MonoBehaviour:
  m_ObjectHideFlags: 1
  m_PrefabParentObject: {fileID: 0}
  m_PrefabInternal: {fileID: 0}
  m_GameObject: {fileID: 0}
  m_Enabled: 1
  m_EditorHideFlags: 0
  m_Script: {fileID: 11500000, guid: 42e7026d0da7df848ab67d517ac12d74, type: 3}
  m_Name: Value
  m_EditorClassIdentifier: 
  body: {fileID: 11435162}
  side: 2
  sidePosition: 31
  sideOffset: 0
  connections:
  - {fileID: 11476776}
  type: Float
--- !u!114 &11413380
MonoBehaviour:
  m_ObjectHideFlags: 1
  m_PrefabParentObject: {fileID: 0}
  m_PrefabInternal: {fileID: 0}
  m_GameObject: {fileID: 0}
  m_Enabled: 1
  m_EditorHideFlags: 0
  m_Script: {fileID: 11500000, guid: 27a65ad2b155f0d40838ed81292e4df7, type: 3}
  m_Name: Calc Node
  m_EditorClassIdentifier: 
  rect:
    serializedVersion: 2
    x: -59
    y: -68
    width: 200
    height: 100
  nodeKnobs:
  - {fileID: 11476776}
  - {fileID: 11436180}
  - {fileID: 11445248}
  Inputs:
  - {fileID: 11476776}
  - {fileID: 11436180}
  Outputs:
  - {fileID: 11445248}
  transitions: []
  type: 0
  Input1Val: 12
  Input2Val: 1
--- !u!114 &11435162
MonoBehaviour:
  m_ObjectHideFlags: 1
  m_PrefabParentObject: {fileID: 0}
  m_PrefabInternal: {fileID: 0}
  m_GameObject: {fileID: 0}
  m_Enabled: 1
  m_EditorHideFlags: 0
  m_Script: {fileID: 11500000, guid: f3dd50b389073b148b5ec10e419dc073, type: 3}
  m_Name: Input Node
  m_EditorClassIdentifier: 
  rect:
    serializedVersion: 2
    x: -283
    y: -200
    width: 200
    height: 50
  nodeKnobs:
  - {fileID: 11403148}
  Inputs: []
  Outputs:
  - {fileID: 11403148}
  transitions: []
  value: 12
--- !u!114 &11435252
MonoBehaviour:
  m_ObjectHideFlags: 1
  m_PrefabParentObject: {fileID: 0}
  m_PrefabInternal: {fileID: 0}
  m_GameObject: {fileID: 0}
  m_Enabled: 1
  m_EditorHideFlags: 0
  m_Script: {fileID: 11500000, guid: f6ab6487237ff124ea4c2aa5de9ce3fb, type: 3}
  m_Name: MainEditorState
  m_EditorClassIdentifier: 
  canvas: {fileID: 11400000}
  parentEditor: {fileID: 0}
  drawing: 1
  selectedNode: {fileID: 0}
  panOffset: {x: 0, y: 0}
  zoom: 1.39
--- !u!114 &11436180
MonoBehaviour:
  m_ObjectHideFlags: 1
  m_PrefabParentObject: {fileID: 0}
  m_PrefabInternal: {fileID: 0}
  m_GameObject: {fileID: 0}
  m_Enabled: 1
  m_EditorHideFlags: 0
  m_Script: {fileID: 11500000, guid: 4caff27366054dd44a30ddb5be369acc, type: 3}
  m_Name: Input 2
  m_EditorClassIdentifier: 
  body: {fileID: 11413380}
  side: 4
  sidePosition: 49
  sideOffset: 0
  connection: {fileID: 0}
  type: Float
--- !u!114 &11445248
MonoBehaviour:
  m_ObjectHideFlags: 1
  m_PrefabParentObject: {fileID: 0}
  m_PrefabInternal: {fileID: 0}
  m_GameObject: {fileID: 0}
  m_Enabled: 1
  m_EditorHideFlags: 0
  m_Script: {fileID: 11500000, guid: 42e7026d0da7df848ab67d517ac12d74, type: 3}
  m_Name: Output 1
  m_EditorClassIdentifier: 
  body: {fileID: 11413380}
  side: 2
  sidePosition: 31
  sideOffset: 0
  connections: []
  type: Float
--- !u!114 &11476776
MonoBehaviour:
  m_ObjectHideFlags: 1
  m_PrefabParentObject: {fileID: 0}
  m_PrefabInternal: {fileID: 0}
  m_GameObject: {fileID: 0}
  m_Enabled: 1
  m_EditorHideFlags: 0
  m_Script: {fileID: 11500000, guid: 4caff27366054dd44a30ddb5be369acc, type: 3}
  m_Name: Input 1
  m_EditorClassIdentifier: 
  body: {fileID: 11413380}
  side: 4
  sidePosition: 31
  sideOffset: 0
  connection: {fileID: 11403148}
  type: Float
